<?xml version = "1.0" encoding = "UTF-8"?><OAI-PMH xmlns="http://www.openarchives.org/OAI/2.0/" xmlns:xsi="http://www.w3.org/2001/XMLSchema-instance" xsi:schemaLocation="http://www.openarchives.org/OAI/2.0/ http://www.openarchives.org/OAI/2.0/OAI-PMH.xsd"><ListRecords><record><header><identifier>aleph-publish:015606019</identifier></header><metadata><record xmlns="http://www.ddb.de/professionell/mabxml/mabxml-1.xsd"><leader>------M2.01200024------h</leader><controlfield tag="LDR">------M2.01200024------h</controlfield><controlfield tag="FMT">MH</controlfield><datafield tag="001" ind1="-" ind2="1"><subfield code="a">HT015014677</subfield></datafield><datafield tag="002" ind1="a" ind2="1"><subfield code="a">20070309</subfield></datafield><datafield tag="003" ind1="-" ind2="1"><subfield code="a">20210408222520.0</subfield></datafield><datafield tag="025" ind1="o" ind2="1"><subfield code="a">162453654</subfield></datafield><datafield tag="025" ind1="a" ind2="1"><subfield code="a">983245525</subfield></datafield><datafield tag="026" ind1="-" ind2="1"><subfield code="a">HBZHT015014677</subfield></datafield><controlfield tag="030">a|1uc||||||37</controlfield><datafield tag="036" ind1="a" ind2="1"><subfield code="a">DE</subfield></datafield><datafield tag="037" ind1="b" ind2="1"><subfield code="a">ger</subfield></datafield><controlfield tag="050">a|||||||||||||</controlfield><controlfield tag="051">s|||||||</controlfield><datafield tag="064" ind1="a" ind2="1"><subfield code="a">Aufsatzsammlung</subfield><subfield code="9">(DE-588)4143413-4</subfield></datafield><datafield tag="070" ind1="-" ind2="1"><subfield code="a">832</subfield></datafield><datafield tag="070" ind1="b" ind2="1"><subfield code="a">466</subfield></datafield><datafield tag="080" ind1="-" ind2="1"><subfield code="a">60</subfield></datafield><datafield tag="100" ind1="b" ind2="1"><subfield code="p">Becker, Tom</subfield><subfield code="d">1973-</subfield><subfield code="b">[Hrsg.]</subfield><subfield code="9">(DE-588)133323862</subfield></datafield><datafield tag="101" ind1="-" ind2="1"><subfield code="p">Becker, Thomas</subfield><subfield code="d">1973-</subfield></datafield><datafield tag="331" ind1="-" ind2="1"><subfield code="a">&quot;Was für ein Service!&quot;</subfield></datafield><datafield tag="335" ind1="-" ind2="1"><subfield code="a">Entwicklung und Sicherung der Auskunftsqualität von Bibliotheken</subfield></datafield><datafield tag="359" ind1="-" ind2="1"><subfield code="a">von Tom Becker</subfield></datafield><datafield tag="410" ind1="-" ind2="1"><subfield code="a">Wiesbaden</subfield></datafield><datafield tag="412" ind1="-" ind2="1"><subfield code="a">Dinges &amp; Frick</subfield></datafield><datafield tag="425" ind1="a" ind2="1"><subfield code="a">2007</subfield></datafield><datafield tag="433" ind1="-" ind2="1"><subfield code="a">211 S. : graph. Darst.</subfield></datafield><datafield tag="451" ind1="-" ind2="1"><subfield code="a">BIT online : Innovativ ; 13</subfield></datafield><datafield tag="453" ind1="-" ind2="1"><subfield code="a">HT012827392</subfield></datafield><datafield tag="455" ind1="-" ind2="1"><subfield code="a">13</subfield></datafield><datafield tag="456" ind1="-" ind2="1"><subfield code="a">13</subfield></datafield><datafield tag="540" ind1="a" ind2="1"><subfield code="a">978-3-934997-15-8</subfield><subfield code="b">kart. : EUR 29.50</subfield></datafield><datafield tag="540" ind1="a" ind2="1"><subfield code="a">3-934997-15-5</subfield><subfield code="b">kart. : EUR 29.50</subfield></datafield><datafield tag="553" ind1="a" ind2="1"><subfield code="a">9783934997158</subfield></datafield><datafield tag="568" ind1="-" ind2="1"><subfield code="a">07,N12,0056</subfield></datafield><datafield tag="574" ind1="-" ind2="1"><subfield code="a">07,A44,0065</subfield></datafield><datafield tag="655" ind1="e" ind2="1"><subfield code="m">V:DE-605</subfield><subfield code="q">application/pdf</subfield><subfield code="u">http://digitale-objekte.hbz-nrw.de/storage/2007/06/08/file_68/1996377.pdf</subfield><subfield code="3">Inhaltsverzeichnis</subfield><subfield code="A">2</subfield></datafield><datafield tag="700" ind1="l" ind2="1"><subfield code="a">560</subfield></datafield><datafield tag="700" ind1="-" ind2="1"><subfield code="a">020</subfield></datafield><datafield tag="700" ind1="g" ind2="1"><subfield code="a">AN 76400</subfield></datafield><datafield tag="705" ind1="a" ind2="1"><subfield code="a">025.52068</subfield><subfield code="c">025.52</subfield><subfield code="e">DDC22ger</subfield><subfield code="f">068</subfield></datafield><datafield tag="902" ind1="-" ind2="1"><subfield code="g">Deutschland</subfield><subfield code="9">(DE-588)4011882-4</subfield></datafield><datafield tag="902" ind1="-" ind2="1"><subfield code="s">Bibliothek</subfield><subfield code="9">(DE-588)4006439-6</subfield></datafield><datafield tag="902" ind1="-" ind2="1"><subfield code="s">Auskunftsdienst</subfield><subfield code="9">(DE-588)4340792-4</subfield></datafield><datafield tag="902" ind1="-" ind2="1"><subfield code="s">Qualitätsmanagement</subfield><subfield code="9">(DE-588)4219057-5</subfield></datafield><controlfield tag="SYS">015606019</controlfield><datafield tag="LOW" ind1="-" ind2="1"><subfield code="a">K5001</subfield></datafield><datafield tag="LOW" ind1="-" ind2="1"><subfield code="a">Q0001</subfield></datafield><datafield tag="LOW" ind1="-" ind2="1"><subfield code="a">K0001</subfield></datafield><datafield tag="LOW" ind1="-" ind2="1"><subfield code="a">L5001</subfield></datafield><datafield tag="LOW" ind1="-" ind2="1"><subfield code="a">B4016</subfield></datafield><datafield tag="LOW" ind1="-" ind2="1"><subfield code="a">R0001</subfield></datafield><datafield tag="LOW" ind1="-" ind2="1"><subfield code="a">N5001</subfield></datafield><datafield tag="LOW" ind1="-" ind2="1"><subfield code="a">R0003</subfield></datafield><datafield tag="LOW" ind1="-" ind2="1"><subfield code="a">B4006</subfield></datafield><datafield tag="LOW" ind1="-" ind2="1"><subfield code="a">T0013</subfield></datafield><datafield tag="LOW" ind1="-" ind2="1"><subfield code="a">R1007</subfield></datafield><datafield tag="LOW" ind1="-" ind2="1"><subfield code="a">Z9037</subfield></datafield><datafield tag="LOW" ind1="-" ind2="1"><subfield code="a">K1081</subfield></datafield><datafield tag="952" ind1="-" ind2="1"><subfield code="g">Deutsche Länder</subfield></datafield><datafield tag="952" ind1="-" ind2="1"><subfield code="g">Germany</subfield><subfield code="h">Deutschland</subfield></datafield><datafield tag="952" ind1="-" ind2="1"><subfield code="g">Heiliges Römisches Reich</subfield></datafield><datafield tag="952" ind1="-" ind2="1"><subfield code="g">Rheinbund</subfield></datafield><datafield tag="952" ind1="-" ind2="1"><subfield code="g">Deutscher Bund</subfield></datafield><datafield tag="952" ind1="-" ind2="1"><subfield code="g">Norddeutscher Bund</subfield></datafield><datafield tag="952" ind1="-" ind2="1"><subfield code="g">Deutsches Reich</subfield></datafield><datafield tag="952" ind1="-" ind2="1"><subfield code="g">Deutschland</subfield><subfield code="h">Gebiet unter Alliierter Besatzung</subfield></datafield><datafield tag="952" ind1="-" ind2="1"><subfield code="g">Deutschland</subfield><subfield code="h">Bundesrepublik, 1990-</subfield></datafield><datafield tag="952" ind1="-" ind2="1"><subfield code="g">BRD</subfield><subfield code="h">1990-</subfield></datafield><datafield tag="952" ind1="-" ind2="1"><subfield code="g">Federal Republic of Germany</subfield><subfield code="h">Deutschland</subfield></datafield><datafield tag="952" ind1="-" ind2="1"><subfield code="g">Republic of Germany</subfield><subfield code="h">Deutschland</subfield></datafield><datafield tag="952" ind1="-" ind2="1"><subfield code="g">Allemagne</subfield><subfield code="h">Deutschland</subfield></datafield><datafield tag="952" ind1="-" ind2="1"><subfield code="g">Ǧumhūrīyat Almāniyā al-Ittiḥādīya</subfield></datafield><datafield tag="952" ind1="-" ind2="1"><subfield code="g">Bundesrepublik Deutschland</subfield><subfield code="h">1990-</subfield></datafield><datafield tag="952" ind1="-" ind2="1"><subfield code="g">BRD</subfield></datafield><datafield tag="952" ind1="-" ind2="1"><subfield code="g">Niemcy</subfield></datafield><datafield tag="952" ind1="-" ind2="1"><subfield code="g">République Fédérale d&apos;Allemagne</subfield><subfield code="h">Deutschland</subfield></datafield><datafield tag="952" ind1="-" ind2="1"><subfield code="g">Repubblica Federale di Germania</subfield><subfield code="h">Deutschland</subfield></datafield><datafield tag="952" ind1="-" ind2="1"><subfield code="g">Germanija</subfield></datafield><datafield tag="952" ind1="-" ind2="1"><subfield code="g">Federativnaja Respublika Germanija</subfield></datafield><datafield tag="952" ind1="-" ind2="1"><subfield code="g">FRG</subfield></datafield><datafield tag="952" ind1="-" ind2="1"><subfield code="g">Deyizhi-Lianbang-Gongheguo</subfield></datafield><datafield tag="952" ind1="-" ind2="1"><subfield code="s">Bibliotheken</subfield></datafield><datafield tag="952" ind1="-" ind2="1"><subfield code="s">Allgemeinbibliothek</subfield></datafield><datafield tag="952" ind1="-" ind2="1"><subfield code="s">Bibliothekswesen</subfield></datafield><datafield tag="952" ind1="-" ind2="1"><subfield code="s">Bücherei</subfield></datafield><datafield tag="952" ind1="-" ind2="1"><subfield code="s">Universalbibliothek</subfield></datafield><datafield tag="952" ind1="-" ind2="1"><subfield code="s">Gebrauchsbibliothek</subfield></datafield><datafield tag="952" ind1="-" ind2="1"><subfield code="s">Auskunfts- und Informationstätigkeit</subfield></datafield><datafield tag="952" ind1="-" ind2="1"><subfield code="s">Auskunftstätigkeit</subfield></datafield><datafield tag="952" ind1="-" ind2="1"><subfield code="s">Auskunft</subfield><subfield code="h">Auskunftsdienst</subfield></datafield><datafield tag="952" ind1="-" ind2="1"><subfield code="s">Quality Management</subfield></datafield><datafield tag="952" ind1="-" ind2="1"><subfield code="s">Total Quality Management</subfield></datafield><datafield tag="952" ind1="-" ind2="1"><subfield code="s">Unternehmen</subfield><subfield code="x">Qualitätsmanagement</subfield></datafield><datafield tag="952" ind1="-" ind2="1"><subfield code="s">TQM</subfield></datafield><datafield tag="952" ind1="-" ind2="1"><subfield code="s">Qualitätssicherungssystem</subfield></datafield><datafield tag="952" ind1="-" ind2="1"><subfield code="s">Qualitätsmanagementsystem</subfield></datafield><datafield tag="952" ind1="-" ind2="1"><subfield code="s">Umfassendes Qualitätsmanagement</subfield></datafield><datafield tag="952" ind1="-" ind2="1"><subfield code="s">QM-System</subfield></datafield><datafield tag="088" ind1=" " ind2=" "><subfield code="a">832</subfield><subfield code="b">00001000</subfield><subfield code="c">BCNM1806</subfield><subfield code="e">ILL Ausleihe</subfield></datafield><datafield tag="088" ind1=" " ind2=" "><subfield code="a">294/28</subfield><subfield code="b">00028000</subfield><subfield code="c">W-0.2007.BEC</subfield><subfield code="e">keine ILL</subfield></datafield><datafield tag="088" ind1=" " ind2=" "><subfield code="a">294/17</subfield><subfield code="b">00017000</subfield><subfield code="c">G3-1223</subfield><subfield code="e">keine ILL</subfield></datafield><datafield tag="088" ind1=" " ind2=" "><subfield code="a">38/307</subfield><subfield code="b">00022001</subfield><subfield code="c">HFB/302/Becher</subfield><subfield code="e">ILL Ausleihe</subfield></datafield><datafield tag="088" ind1=" " ind2=" "><subfield code="a">575</subfield><subfield code="b">00000001</subfield><subfield code="c">HB 90</subfield><subfield code="e">ILL Ausleihe</subfield></datafield><datafield tag="088" ind1=" " ind2=" "><subfield code="a">5</subfield><subfield code="b">00000010</subfield><subfield code="c">2007/2934</subfield><subfield code="e">ILL Ausleihe</subfield></datafield><datafield tag="088" ind1=" " ind2=" "><subfield code="a">743</subfield><subfield code="b">00010000</subfield><subfield code="c">AVY107</subfield><subfield code="e">ILL Ausleihe</subfield></datafield><datafield tag="088" ind1=" " ind2=" "><subfield code="a">38</subfield><subfield code="b">00000001</subfield><subfield code="c">34A7510#a</subfield><subfield code="e">ILL Ausleihe</subfield></datafield><datafield tag="088" ind1=" " ind2=" "><subfield code="a">38</subfield><subfield code="b">00000001</subfield><subfield code="c">34A7510</subfield><subfield code="e">ILL Ausleihe</subfield></datafield><datafield tag="088" ind1=" " ind2=" "><subfield code="a">929</subfield><subfield code="b">00000000</subfield><subfield code="c">2008/1895</subfield><subfield code="e">ILL Ausleihe</subfield></datafield><datafield tag="088" ind1=" " ind2=" "><subfield code="a">829</subfield><subfield code="b">00000000</subfield><subfield code="c">Aln 4 Was</subfield><subfield code="e">keine ILL</subfield></datafield><datafield tag="088" ind1=" " ind2=" "><subfield code="a">107</subfield><subfield code="b">00001000</subfield><subfield code="c">108-2588</subfield><subfield code="e">ILL Ausleihe</subfield></datafield><datafield tag="088" ind1=" " ind2=" "><subfield code="a">1042</subfield><subfield code="c">buch A 028 /13</subfield><subfield code="e">Keine Angabe</subfield></datafield><datafield tag="088" ind1=" " ind2=" "><subfield code="a">Lan 1</subfield><subfield code="c">all 833-5</subfield><subfield code="e">Keine Angabe</subfield></datafield><datafield tag="088" ind1=" " ind2=" "><subfield code="a">82</subfield><subfield code="c">RD7887-13</subfield><subfield code="e">keine Angabe</subfield></datafield><datafield tag="088" ind1=" " ind2=" "><subfield code="a">1044</subfield><subfield code="c">11 = AWU1284+1</subfield><subfield code="e">keine Angabe</subfield></datafield><datafield tag="088" ind1=" " ind2=" "><subfield code="a">361</subfield><subfield code="b">01_Mo</subfield><subfield code="c">AD552 W3S4</subfield><subfield code="e">ILL Kopie+Ausl.</subfield></datafield><datafield tag="088" ind1=" " ind2=" "><subfield code="a">385</subfield><subfield code="b">09</subfield><subfield code="c">NF/a17778</subfield><subfield code="e">Normalausleihe</subfield></datafield><datafield tag="088" ind1=" " ind2=" "><subfield code="a">Bi 10</subfield><subfield code="c">AVY Was</subfield><subfield code="e">kA</subfield></datafield><datafield tag="088" ind1=" " ind2=" "><subfield code="a">465</subfield><subfield code="b">E91</subfield><subfield code="c">AWU40445-13</subfield><subfield code="e">Magazinausleihe</subfield></datafield><datafield tag="088" ind1=" " ind2=" "><subfield code="a">836</subfield><subfield code="c">AVY 3</subfield><subfield code="e">keine Angabe</subfield></datafield><datafield tag="088" ind1=" " ind2=" "><subfield code="a">6/123</subfield><subfield code="c">XI 277</subfield><subfield code="e">keine Angabe</subfield></datafield><datafield tag="088" ind1=" " ind2=" "><subfield code="a">1044</subfield><subfield code="c">11 = AWU1284</subfield><subfield code="e">keine Angabe</subfield></datafield><datafield tag="088" ind1=" " ind2=" "><subfield code="a">290</subfield><subfield code="b">F_ZB</subfield><subfield code="c">A 11740</subfield><subfield code="e">ILL Kopie+Ausl.</subfield></datafield><datafield tag="088" ind1=" " ind2=" "><subfield code="a">6/049</subfield><subfield code="c">XC 01/007</subfield><subfield code="e">keine Angabe</subfield></datafield><datafield tag="088" ind1=" " ind2=" "><subfield code="a">Hag 4</subfield><subfield code="c">E/ZB-Alh4 69</subfield><subfield code="e">keine Angabe</subfield></datafield><datafield tag="088" ind1=" " ind2=" "><subfield code="a">A 96</subfield><subfield code="b">EUPBV</subfield><subfield code="c">91 AVY 2</subfield><subfield code="e">ILL Kopie+Ausl.</subfield></datafield><datafield tag="088" ind1=" " ind2=" "><subfield code="a">468</subfield><subfield code="b">01</subfield><subfield code="c">AVY1353+1</subfield><subfield code="e">ausleihbar</subfield></datafield><datafield tag="088" ind1=" " ind2=" "><subfield code="a">Kob 7</subfield><subfield code="b">FRHKO</subfield><subfield code="c">AL/RE 2008 2580</subfield><subfield code="e">ausleihbar 4 Wochen</subfield></datafield><datafield tag="088" ind1=" " ind2=" "><subfield code="a">6</subfield><subfield code="c">3F 70852</subfield><subfield code="e">keine Angabe</subfield></datafield><datafield tag="088" ind1=" " ind2=" "><subfield code="a">Dü 62</subfield><subfield code="c">14 AVY 100</subfield><subfield code="e">keine Angabe</subfield></datafield><datafield tag="088" ind1=" " ind2=" "><subfield code="a">1010</subfield><subfield code="c">AVY502</subfield><subfield code="e">keine Angabe</subfield></datafield><datafield tag="088" ind1=" " ind2=" "><subfield code="a">Kn 41</subfield><subfield code="b">F</subfield><subfield code="c">2007/965</subfield><subfield code="e">ausleihbar/F</subfield></datafield><datafield tag="088" ind1=" " ind2=" "><subfield code="a">708</subfield><subfield code="c">AVY/BEC</subfield><subfield code="e">Keine Angabe</subfield></datafield><datafield tag="088" ind1=" " ind2=" "><subfield code="a">466</subfield><subfield code="c">AVY1256</subfield><subfield code="e">keine Angabe</subfield></datafield><datafield tag="088" ind1=" " ind2=" "><subfield code="a">Dü 18</subfield><subfield code="b">HAKA</subfield><subfield code="c">Af, 828 LS/HA-BL (n.a.)</subfield><subfield code="e">keine Fernleihe</subfield></datafield><datafield tag="088" ind1=" " ind2=" "><subfield code="a">465</subfield><subfield code="b">E91</subfield><subfield code="c">AWU40445-13</subfield><subfield code="e">Magazinausleihe</subfield></datafield><datafield tag="088" ind1=" " ind2=" "><subfield code="a">386/32</subfield><subfield code="c">45:165/125</subfield><subfield code="e">Keine Angabe</subfield></datafield><datafield tag="088" ind1=" " ind2=" "><subfield code="a">386/32</subfield><subfield code="c">45:165/125 2.Ex.</subfield><subfield code="e">Keine Angabe</subfield></datafield><datafield tag="088" ind1=" " ind2=" "><subfield code="a">987</subfield></datafield><datafield tag="700" ind1="h" ind2="9"><subfield code="a">AL 682</subfield><subfield code="2">kob</subfield></datafield><datafield tag="700" ind1=" " ind2="9"><subfield code="a">Af, 8</subfield><subfield code="2">X6001</subfield></datafield><datafield tag="700" ind1=" " ind2="9"><subfield code="a">09=NF</subfield><subfield code="2">T0011</subfield></datafield><datafield tag="700" ind1="h" ind2="9"><subfield code="a">1 All 078</subfield><subfield code="2">KP001</subfield></datafield></record></metadata></record></ListRecords></OAI-PMH>